<?xml version="1.0" encoding="UTF-8"?><collection xmlns="http://www.loc.gov/MARC21/slim"><record><leader>00398nam--2200133-i-4500</leader><controlfield tag="001">000019040</controlfield><controlfield tag="002">20161230</controlfield><controlfield tag="005">20161230201033</controlfield><controlfield tag="008">060222s1000------------r-----000-0-eng-d</controlfield><datafield ind1="1" ind2=" " tag="100"><subfield code="a">Foias, Ciprian Et Szabo, Nagy Bela</subfield></datafield><datafield ind1="1" ind2="0" tag="245"><subfield code="a">Analyse harmonique des operateurs de l`espace de hilbert</subfield></datafield><datafield ind1=" " ind2=" " tag="260"><subfield code="a">Budapest, Akademiai Kiado, 1967. Xi + 373 P</subfield></datafield><datafield ind1=" " ind2=" " tag="852"><subfield code="a">29464</subfield><subfield code="c">517</subfield></datafield><datafield ind1=" " ind2=" " tag="CAT"><subfield code="a">Sys</subfield><subfield code="c">20080618</subfield><subfield code="h">104559</subfield></datafield></record></collection>